@PREAMBLE{
 "\providecommand{\noopsort}[1]{}" 
 # "\providecommand{\singleletter}[1]{#1}%" 
}

@ARTICLE{lamp79,
   author       = "L. Lamport",
   title        = "Constructing digital signatures from a one-way function",
   year         = "1979",
   journal      = "Technical Report SRI-CSL-98",
}

@misc{quant-ph/0105032,
Author = {Daniel Gottesman and Isaac Chuang},
Title = {Quantum Digital Signatures},
Year = {2001},
Eprint = {arXiv:quant-ph/0105032},
}

@article{PhysRevLett.87.167902,
  title = {Quantum Fingerprinting},
  author = {Buhrman, Harry and Cleve, Richard and Watrous, John and de Wolf, Ronald},
  journal = {Phys. Rev. Lett.},
  volume = {87},
  issue = {16},
  pages = {167902},
  numpages = {4},
  year = {2001},
  month = {Sep},
  publisher = {American Physical Society},
  doi = {10.1103/PhysRevLett.87.167902},
  url = {http://link.aps.org/doi/10.1103/PhysRevLett.87.167902},
}

@Article{Hol73,
author = {Holevo, Alexander S.},
title = {Bounds for the Quantity of Information Transmitted by a Quantum Communication Channel},
journal = {Problems of Information Transmission},
year = {1973},
volume = {9},
issue = {3},
pages = {3--11},
}

@article{WZ82,
  title = {A single quantum cannot be cloned},
  author = {Wootters, W. K. and Zurek, W. H.},
  journal = {Nature},
  volume = {299},
  issue = {5886},
  pages = {802-803},
  year = {1982},
  month = {Sep},
  publisher = {Nature Publishing Group},
  doi = {10.1038/299802a0},
  url = {http://dx.doi.org/10.1038/299802a0},
}

@INPROCEEDINGS{1181969,
author={H. Barnum and C. Crepeau and D. Gottesman and A. Smith and A. Tapp},
booktitle={Foundations of Computer Science, 2002. Proceedings. The 43rd Annual IEEE Symposium on},
title={Authentication of quantum messages},
year={2002},
pages={449-458},
keywords={computational complexity;message authentication;protocols;quantum cryptography;authentication;cryptography;digital signature;disturbance;encoding;error probability;insecure quantum channel;noninteractive scheme;protocol;quantum messages;quantum states;qubits;receiver;secret classical random key sharing;security parameter;sender;Authentication;Communication system control;Computer science;Cryptographic protocols;Cryptography;Information security;Paramagnetic resonance;Purification;Teleportation;Testing},
doi={10.1109/SFCS.2002.1181969},
ISSN={0272-5428},
month={},}
